@online{lwvGruendung,
  author = {LWV},
  title = {Landeswohlfahrtsverband Hessen: Gr"undung},
  year = {2018},
  note = {\url{https://www.lwv-hessen.de/geschichte-gegenwart/lwv-geschichte/gruendung.html} [Abruf: 18.05.2018]}
}

@online{lwvLeitbild,
  author = {LWV},
  title = {Landeswohlfahrtsverband Hessen: Leitbild f"ur den LWV},
  year = {2018},
  note = {\url{https://www.lwv-hessen.de/lwv-politik/lwv-im-ueberblick/leitbild-fuer-den-lwv.html} [Abruf: 18.05.2018]}
}

@online{lwvPolitik,
  author = {LWV},
  title = {Landeswohlfahrtsverband Hessen: Politische Gremien},
  year = {2018},
  note = {\url{https://www.lwv-hessen.de/lwv-politik/politische-gremien.html} [Abruf: 18.05.2018]}
}

@online{lwvHaushalt,
  author = {LWV},
  title = {LWV-Haushaltsentwurf 2018 eingebracht},
  year = {2017},
  note = {\url{https://www.lwv-hessen.de/fileadmin/user_upload/daten/Dokumente/5-LWV_Politik/Publikationen_nicht_barrierefr/PM-rvk_17-12-6_Haushaltsentwurf_2018.pdf} [Abruf: 18.05.2018]}
}

@online{lwvPerseh,
  author = {LWV},
  title = {Landeswohlfahrtsverband Hessen: PerSEH},
  year = {2018},
  note = {\url{https://www.lwv-hessen.de/soziales-perseh/perseh.html} [Abruf: 18.05.2018]}
}

@electronic{gadatsch2017,
  address = {Wiesbaden},
  author = {Gadatsch, Andreas},
  edition = {8. Aufl. 2017},
  hdsurl = {https://hds.hebis.de/hlbfu/Record/HEB40122709X},
  isbn = {3658171790},
  keywords = {},
  title = {Grundkurs Gesch√§ftsprozess-Management : Analyse, Modellierung, Optimierung und Controlling von Prozessen},
  uniqueid = {HEB40122709X},
  url = {http://scans.hebis.de/HEBCGI/show.pl?40122709_cov.jpg},
  year = 2017
}

